@software{Asymptote,
  author = {Andy Hammerlindl and John Bowman and Tom Prince},  
  title = {Asymptote},
  subtitle = {The Vector Graphics Language},
  url = {https://asymptote.sourceforge.io},
  year = {2025},
  version = {3.05},
}

@software{geometry,
  author = {Philippe Ivaldi},
  title = {geometry},
  subtitle = {Euclidean geometry with Asymptote},
  url = {https://github.com/pivaldi/asymptote-geometry-documentation},
  year = {2025},
  version = {3.05}
}

